@article{horn1987closed,
  title={Closed-form solution of absolute orientation using unit quaternions},
  author={Horn, B.K.P.},
  journal={JOSA A},
  volume={4},
  number={4},
  pages={629--642},
  year={1987},
  publisher={Optical Society of America}
}

@INPROCEEDINGS{Henry2010rgbd,
    author = {Peter Henry and Michael Krainin and Evan Herbst and Xiaofeng Ren and Dieter Fox},
    title = {RGB-D Mapping: Using Depth Cameras for Dense 3D Modeling of Indoor Environments},
    booktitle = {International Symposium on Experimental Robotics},
    year = {2010},
    month = {December},
    address = {New Delhi, India},
}

@inproceedings{Huang2011isrr,
    author = {Albert S. Huang and Abraham Bachrach and Peter Henry and Michael Krainin and Daniel Maturana and Dieter Fox and Nicholas Roy},
    title = {Visual Odometry and Mapping for Autonomous Flight Using an RGB-D Camera},
    booktitle = {{Int. Symposium on Robotics Research (ISRR)}},
    month = {Aug.},
    year = {2011},
    address = {Flagstaff, Arizona, USA}
}

@misc{OpenKinect,
    author = {OpenKinect},
    howpublished = {\url{http://openkinect.org/wiki/Main_Page}},
}

@misc{BurrusCalibration,
    author = {Nicolas Burrus},
    title = {Kinect RGBDemo},
    howpublished = {\url{http://nicolas.burrus.name/index.php/Research/KinectRgbDemoV6}},
}

@misc{SIFTGPU,
    author = {C. Wu},
    title = {SiftGPU: A GPU implementation of scale invariant feature transform (SIFT).},
    howpublished = {\url{http://cs.unc.edu/~ccwu/siftgpu}},
}

@article{opencv_library,
    author = {Bradski, G.},
    citeulike-article-id = {2236121},
    journal = {Dr. Dobb's Journal of Software Tools},
    keywords = {bibtex-import},
    posted-at = {2008-01-15 19:21:54},
    priority = {4},
    title = {{The OpenCV Library}},
    year = {2000}
}

@INPROCEEDINGS{Bay06surf,
    author = {Herbert Bay and Tinne Tuytelaars and Luc Van Gool},
    title = {Surf: Speeded up robust features},
    booktitle = {In ECCV},
    year = {2006},
    pages = {404--417}
}

@inproceedings{olson2011tags,
    TITLE      = {{AprilTag}: A robust and flexible visual fiducial system},
    AUTHOR     = {Edwin Olson},
    BOOKTITLE  = {Proceedings of the {IEEE} International Conference on Robotics and
                 Automation ({ICRA})},
    YEAR       = {2011},
    MONTH      = {May},
    VOLUME     = {},
    NUMBER     = {},
    PAGES      = { },
    KEYWORDS   = { Robot navigation, SLAM, Visual Fiducial, ARToolkit},
    ISSN       = { },
}

@MISC{gicp,
    author = {Aleksandr V. Segal and Dirk Haehnel and Sebastian Thrun},
    title = {Generalized-ICP},
    year = {}
}

@incollection {gp1,
   author = {Shichel, Yehonatan and Ziserman, Eran and Sipper, Moshe},
   affiliation = {Department of Computer Science, Ben-Gurion University Israel},
   title = {GP-Robocode: Using Genetic Programming to Evolve Robocode Players},
   booktitle = {Genetic Programming},
   series = {Lecture Notes in Computer Science},
   editor = {Keijzer, Maarten and Tettamanzi, Andrea and Collet, Pierre and van Hemert, Jano and Tomassini, Marco},
   publisher = {Springer Berlin / Heidelberg},
   isbn = {978-3-540-25436-2},
   keyword = {Computer Science},
   pages = {143-143},
   volume = {3447},
   url = {http://dx.doi.org/10.1007/978-3-540-31989-4_13},
   year = {2005}
}

@article {gp2,
   author = {Eisenstein, J},
   title = {GP-Robocode: Evolving robocode tank fighters},
   journal = {Technical Report AIM-2003-023, AI Lab, Massachusetts Institute Of Technology},
   year = {2003}
}

@INPROCEEDINGS{strategies, 
author={Kobayashi, K. and Uchida, Y. and Watanabe, K.}, 
booktitle={SICE 2003 Annual Conference}, 
title={A study of battle strategy for the Robocode}, 
year={2003}, 
month={aug.}, 
volume={3}, 
number={}, 
pages={3373 -3376 Vol.3}, 
keywords={Java2;Robocode Japan Cup 2002;Robocode robotics battle simulator;computer platforms;computer games;digital simulation;multi-robot systems;}, 
doi={}, 
ISSN={},}


@article{ russelnorvig,
author = {S. Russel and E. Norvig},
title = {{Artificial Intelligence: A Modern Approach}},
year = {1995},
masid = {1362929}
}

@article{ woolley, 
author = {Brian G. Woolley and Gilbert L. Peterson},
title = {{Unified Behavior Framework for Reactive Robot Control}},
journal = {Journal of Intelligent and Robotic Systems},
volume = {55},
year = {2009},
pages = {155--176},
issue = {2-3},
doi = {10.1007/s10846-008-9299-1},
masid = {6088026}
}

@article{ gade, 
author = {Morten Gade, Michael Knudsen, Rasmus Aslak Kjær, Thomas Christensen, Christian Planck Larsen, Michael David Pedersen, Jens Kristian amd Sogaard Andersen},
title = {{Applying Machine Learning to Robocode}},
journal = {http://www.dinbedstemedarbejder.dk/Dat3.pdf},
year = {2003}
}

@article{nielsenAI, 
author = {Jon Lau Nielsen, Benjamin Fedder Jensen},
title = {{Modern AI for games: RoboCode}},
journal = {http://jonnielsen.net/RoboReportOfficial.pdf}
}

@article{Hartness,
 author = {Hartness, Ken},
 title = {Robocode: using games to teach artificial intelligence},
 journal = {J. Comput. Sci. Coll.},
 issue_date = {April 2004},
 volume = {19},
 number = {4},
 month = apr,
 year = {2004},
 issn = {1937-4771},
 pages = {287--291},
 numpages = {5},
 url = {http://dl.acm.org/citation.cfm?id=1050231.1050275},
 acmid = {1050275},
 publisher = {Consortium for Computing Sciences in Colleges},
 address = {USA},
} 